%%%%% mpOTR %%%%%

@inproceedings{mpotr,
  title={Multi-party off-the-record messaging},
  author={Goldberg, Ian and Ustao{\u{g}}lu, Berkant and Van Gundy, Matthew D and Chen, Hao},
  booktitle={Proceedings of the 16th ACM conference on Computer and communications security},
  pages={358--368},
  year={2009},
  organization={ACM}
}


%%%% GOTR %%%%

@inproceedings{gotr,
  title={Improved group off-the-record messaging},
  author={Liu, Hong and Vasserman, Eugene Y and Hopper, Nicholas},
  booktitle={Proceedings of the 12th ACM workshop on Workshop on privacy in the electronic society},
  pages={249--254},
  year={2013},
  organization={ACM}
}

%%%%% ART %%%%%

@techreport{art,
  title={On Ends-to-Ends Encryption: Asynchronous Group Messaging with Strong Security Guarantees},
  author={Cohn-Gordon, Katriel and Cremers, Cas and Garratt, Luke and Millican, Jon and Milner, Kevin},
  year={2017},
  institution={IACR Cryptology ePrint Archive 2017 (2017), 666. http://eprint. iacr. org/2017/666}
}

%%%%%% SIGNAL %%%%%

@inproceedings{signal,
  title={A formal security analysis of the signal messaging protocol},
  author={Cohn-Gordon, Katriel and Cremers, Cas and Dowling, Benjamin and Garratt, Luke and Stebila, Douglas},
  booktitle={Security and Privacy (EuroS\&P), 2017 IEEE European Symposium on},
  pages={451--466},
  year={2017},
  organization={IEEE}
}

